<?xml version="1.0" encoding="UTF-8"?><collection xmlns="http://www.loc.gov/MARC21/slim"><record><leader>00638nam--2200193-i-4500</leader><controlfield tag="001">000044297</controlfield><controlfield tag="002">20161230</controlfield><controlfield tag="005">20161230201044</controlfield><controlfield tag="008">060222s1000------------r-----000-0-eng-d</controlfield><datafield ind1=" " ind2=" " tag="040"><subfield code="a">IFIN-HH</subfield></datafield><datafield ind1=" " ind2=" " tag="080"><subfield code="a">517.1:061.3</subfield></datafield><datafield ind1="1" ind2=" " tag="100"><subfield code="a">Addison, John W</subfield></datafield><datafield ind1="1" ind2="0" tag="245"><subfield code="a">The theory of models</subfield><subfield code="b">Proceedings of the 1963 international symposium at berkeley</subfield><subfield code="c">J.w. addison, leon henkin, alfred tarski (eds.)</subfield></datafield><datafield ind1=" " ind2=" " tag="260"><subfield code="a">Amsterdam</subfield><subfield code="b">North-holland Publishing Company</subfield><subfield code="c">1965</subfield></datafield><datafield ind1=" " ind2=" " tag="300"><subfield code="a">XV+494P</subfield></datafield><datafield ind1=" " ind2=" " tag="490"><subfield code="a">Studies In Logic And The Foundations Of Mathematics</subfield></datafield><datafield ind1="1" ind2=" " tag="700"><subfield code="a">Tarski, Alfred</subfield><subfield code="e">Ed</subfield></datafield><datafield ind1=" " ind2=" " tag="852"><subfield code="a">24484</subfield><subfield code="c">517</subfield></datafield><datafield ind1=" " ind2=" " tag="CAT"><subfield code="a">Sys</subfield><subfield code="c">20121026</subfield><subfield code="h">111039</subfield></datafield></record></collection>